@inproceedings{DynamicMacro,
 author = {Masui, Toshiyuki and Nakayama, Ken},
 title = {Repeat and predict -- two keys to efficient text editing},
 booktitle = {Proceedings of the SIGCHI Conference on Human Factors in Computing Systems},
 series = {CHI '94},
 year = {1994},
 isbn = {0-89791-650-6},
 location = {Boston, Massachusetts, USA},
 pages = {118--123},
 numpages = {13},
 url = {http://doi.acm.org/10.1145/191666.191722},
 doi = {10.1145/191666.191722},
 acmid = {191722},
 keywords = {PBD, PBE, dynamic macro creation, keyboard macro, predictive interface, programming by demonstration, programming by example, text editing},
}
% address = {New York, NY, USA},
% publisher = {ACM},

@inproceedings{PickAndDrop,
 author = {Rekimoto, Jun},
 title = {Pick-and-drop: a direct manipulation technique for multiple computer environments},
 booktitle = {Proceedings of the 10th annual ACM symposium on User interface software and technology},
 series = {UIST '97},
 year = {1997},
 isbn = {0-89791-881-9},
 location = {Banff, Alberta, Canada},
 pages = {31--39},
 numpages = {9},
 url = {http://doi.acm.org/10.1145/263407.263505},
 doi = {10.1145/263407.263505},
 acmid = {263505},
 keywords = {computer augmented environments, direct manipulation, drag-and-drop, graphical user interfaces, input devices, multi-computer user interfaces, pen interfaces, stylus interfaces, ubiquitous computing},
} 
% address = {New York, NY, USA},
% publisher = {ACM},

@inproceedings{Doi:COLING98,
 author = {Doi, Shinichi and Kamei, Shin-ichiro and Yamabana, Kiyoshi},
 title = {A text input front-end processor as an information access platform},
 booktitle = {Proceedings of the 17th international conference on Computational linguistics - Volume 1},
 series = {COLING '98},
 year = {1998},
 location = {Montreal, Quebec, Canada},
 pages = {336--340},
 numpages = {5},
 url = {http://dx.doi.org/10.3115/980451.980902},
 doi = {10.3115/980451.980902},
 acmid = {980902},
 publisher = {Association for Computational Linguistics},
 address = {Stroudsburg, PA, USA},
}

@inproceedings{Kawada:WP,
   author              = {Tsutomu Kawada and Shin'ya Amano},
   title               = {Japanese Word Processor},
   booktitle           = {Proceedings of the 6th International Joint Conference on Artificial Intelligence},
   year                = {1979},
   pages               = {466-468},
}

% STARSとは
% http://www.ieeeghn.org/wiki/index.php/GHN:About_STARS
% > 1985    Kana-to-kanji conversion software is available on personal computers 
% これは変じゃないか。1983ごろは普通に使ってたよ

@webpage{Doi:STARS,
    Author = {Miwako Doi and Haitao Lei},
    Title = {Word Processing for the {Japanese} Language},
    Note = {\textsf{http:{\slash}{\slash}www.ieeeghn.org{\slash}wiki{\slash} index.php{\slash}STARS:Word\_Processing\_for\_the\_Japanese \_Language}},
    Year = {2010}
}

@article{Mori:WordProcessor,
  Author = {Ken'ichi Mori and Tsutomu Kawada},
  Title = {From {Kana} to {Kanji}: word processing in {Japan}},
  Journal = {IEEE Spectrum},
  Year = {1990},
  Month = {August},
  Volume = 27,
  Number = 8,
  pages = {46--48},
}

@article{Tesler:CopyPaste,
 author = {Tesler, Larry},
 title = {A personal history of modeless text editing and cut/copy-paste},
 journal = {interactions},
 issue_date = {July + August 2012},
 volume = {19},
 number = {4},
 month = jul,
 year = {2012},
 issn = {1072-5520},
 pages = {70--75},
 numpages = {6},
 url = {http://doi.acm.org/10.1145/2212877.2212896},
 doi = {10.1145/2212877.2212896},
 acmid = {2212896},
} 
% address = {New York, NY, USA},
% publisher = {ACM},

@webpage{texteditors.org,
    Title = {TextEditors.org},
    Note = {\textsf{http:{\slash}{\slash}texteditors.org{\slash}}},
}

@inproceedings{MacKenzie:H4Writer,
 author = {MacKenzie, I. Scott and Soukoreff, R. William and Helga, Joanna},
 title = {1 thumb, 4 buttons, 20 words per minute: design and evaluation of {H4-writer}},
 booktitle = {Proceedings of the 24th annual ACM symposium on User interface software and technology},
 series = {UIST '11},
 year = {2011},
 isbn = {978-1-4503-0716-1},
 location = {Santa Barbara, California, USA},
 pages = {471--480},
 numpages = {10},
 url = {http://doi.acm.org/10.1145/2047196.2047258},
 doi = {10.1145/2047196.2047258},
 acmid = {2047258},
 keywords = {Huffman coding, mobile text entry, small devices, text entry},
} 
% address = {New York, NY, USA},
% publisher = {ACM},

@inproceedings{Li:1lineKB,
 author = {Li, Frank Chun Yat and Guy, Richard T. and Yatani, Koji and Truong, Khai N.},
 title = {The 1line keyboard: a QWERTY layout in a single line},
 booktitle = {Proceedings of the 24th annual ACM symposium on User interface software and technology},
 series = {UIST '11},
 year = {2011},
 isbn = {978-1-4503-0716-1},
 location = {Santa Barbara, California, USA},
 pages = {461--470},
 numpages = {10},
 url = {http://doi.acm.org/10.1145/2047196.2047257},
 doi = {10.1145/2047196.2047257},
 acmid = {2047257},
 keywords = {keystroke level model, reduced keyboard, soft keyboard, text entry, word disambiguation},
}
% address = {New York, NY, USA},
% publisher = {ACM},

@inproceedings{Rick:VirtualKB,
 author = {Rick, Jochen},
 title = {Performance optimizations of virtual keyboards for stroke-based text entry on a touch-based tabletop},
 booktitle = {Proceedings of the 23nd annual ACM symposium on User interface software and technology},
 series = {UIST '10},
 year = {2010},
 isbn = {978-1-4503-0271-5},
 pages = {77--86},
 numpages = {10},
 url = {http://doi.acm.org/10.1145/1866029.1866043},
 doi = {10.1145/1866029.1866043},
 acmid = {1866043},
 address = {New York, NY, USA},
 keywords = {fitts's law, interactive tabletops, keyboard layout, shape writing, touch input, virtual keyboard},
} 
% location = {New York, New York, USA},
% publisher = {ACM},

@inproceedings{Harrison:Skinput,
 author = {Harrison, Chris and Tan, Desney and Morris, Dan},
 title = {Skinput: appropriating the body as an input surface},
 booktitle = {Proceedings of the SIGCHI Conference on Human Factors in Computing Systems},
 series = {CHI '10},
 year = {2010},
 isbn = {978-1-60558-929-9},
 location = {Atlanta, Georgia, USA},
 pages = {453--462},
 numpages = {10},
 url = {http://doi.acm.org/10.1145/1753326.1753394},
 doi = {10.1145/1753326.1753394},
 acmid = {1753394},
 keywords = {audio interfaces, bio-acoustics, buttons, finger input, gestures, on-body interaction, projected displays},
} 
% address = {New York, NY, USA},
% publisher = {ACM},

@inproceedings{Murase:CameraKB,
 author = {Murase, Taichi and Moteki, Atsunori and Ozawa, Noriaki and Hara, Nobuyuki and Nakai, Takehiro and Fujimoto, Katsuhito},
 title = {Gesture keyboard requiring only one camera},
 booktitle = {Proceedings of the 24th annual ACM symposium adjunct on User interface software and technology},
 series = {UIST '11 Adjunct},
 year = {2011},
 isbn = {978-1-4503-1014-7},
 location = {Santa Barbara, California, USA},
 pages = {9--10},
 numpages = {2},
 url = {http://doi.acm.org/10.1145/2046396.2046402},
 doi = {10.1145/2046396.2046402},
 acmid = {2046402},
 keywords = {gesture, keyboard, user interfaces},
} 
% address = {New York, NY, USA},
% publisher = {ACM},

@inproceedings{Dietz:PressureKB,
 author = {Dietz, Paul H. and Eidelson, Benjamin and Westhues, Jonathan and Bathiche, Steven},
 title = {A practical pressure sensitive computer keyboard},
 booktitle = {Proceedings of the 22nd annual ACM symposium on User interface software and technology},
 series = {UIST '09},
 year = {2009},
 isbn = {978-1-60558-745-5},
 location = {Victoria, BC, Canada},
 pages = {55--58},
 numpages = {4},
 url = {http://doi.acm.org/10.1145/1622176.1622187},
 doi = {10.1145/1622176.1622187},
 acmid = {1622187},
 keywords = {force pressure sensitive keyboard},
} 
% address = {New York, NY, USA},
% publisher = {ACM},

@inproceedings{Wigdor:TiltKB,
 author = {Wigdor, Daniel and Balakrishnan, Ravin},
 title = {TiltText: using tilt for text input to mobile phones},
 booktitle = {Proceedings of the 16th annual ACM symposium on User interface software and technology},
 series = {UIST '03},
 year = {2003},
 isbn = {1-58113-636-6},
 location = {Vancouver, Canada},
 pages = {81--90},
 numpages = {10},
 url = {http://doi.acm.org/10.1145/964696.964705},
 doi = {10.1145/964696.964705},
 acmid = {964705},
 keywords = {mobile phones, text entry, tilt input},
} 
% address = {New York, NY, USA},
% publisher = {ACM},

% series = {SA '12},
@inproceedings{Masui:Goldfish,
 author = {Masui, Toshiyuki and Hashimoto, Sho},
 title = {GoldFish: real-world {GUI} framework for {Android}},
 booktitle = {SIGGRAPH Asia 2012 Symposium on Apps},
 year = {2012},
 isbn = {978-1-4503-1916-4},
 location = {Singapore, Singapore},
 pages = {3:1--3:1},
 articleno = {3},
 numpages = {1},
 url = {http://doi.acm.org/10.1145/2407696.2407699},
 doi = {10.1145/2407696.2407699},
 acmid = {2407699},
}
%  address = {New York, NY, USA},
% publisher = {ACM},

@inproceedings{Masui:POBox,
 author = {Masui, Toshiyuki},
 title = {An efficient text input method for pen-based computers},
 booktitle = {Proceedings of the SIGCHI Conference on Human Factors in Computing Systems},
 series = {CHI '98},
 year = {1998},
 isbn = {0-201-30987-4},
 location = {Los Angeles, California, USA},
 pages = {328--335},
 numpages = {8},
 url = {http://dx.doi.org/10.1145/274644.274690},
 doi = {10.1145/274644.274690},
 acmid = {274690},
 publisher = {ACM Press/Addison-Wesley Publishing Co.},
 keywords = {POBox, hand-held devices, input devices, international interfaces, pen-based input, predictive interface},
} 
